@MISC{paper:Fielding00architecturalstyles,
  author = {Roy Thomas Fielding},
  title = {Architectural Styles and the Design of Network-based Software Architectures},
  year = {2000}
}

@MISC{Fortune95voronoidiagrams,
  author = {Steven Fortune},
  title = {Voronoi diagrams and Delaunay triangulations},
  year = {1995}
}

@MISC{web:Metropolist,
  author = {Kenny Hunt},
  title = {{Metropolist}},
  note = "[Online]",
  year = {2018},
  howpublished = {\url{https://charity.cs.uwlax.edu/projects/metropolist/metropolist.html}},
}

@MISC{web:NonFunc,
  author = {Leif Lindb√§ck},
  title = {{Introduction to Non-Functional Requirements on a Web Application - Internet Applications, ID1354}},
  note = "[Online]",
  howpublished = {\url{https://www.kth.se/social/files/54351342f276543b77c90951/non-func.pdf}},
}

@MISC{web:AgileModel,
  author = {Victor Osetskyi},
  title = {{SDLC Models Explained: Agile, Waterfall, V-Shaped, Iterative, Spiral}},
  note = "[Online]",
  year = {2017},
  howpublished = {\url{https://medium.com/existek/sdlc-models-explained-agile-waterfall-v-shaped-iterative-spiral-e3f012f390c5/}},
}

@MISC{web:Architecture-design,
  author = {Svitla Team},
  title = {{Web Application Architecture}},
  note = "[Online]",
  year = {2018},
  howpublished = {\url{https://svitla.com/blog/web-application-architecture}},
}

@MISC{web:RESTArchitecturalConstraints,
  author = {RESTfulAPI.net},
  title = {{REST Architectural Constraints}},
  note = "[Online]",
  year = {2018},
  howpublished = {\url{https://restfulapi.net/rest-architectural-constraints/}},
}

@MISC{web:Poly-split-js,
  author = {Kladess},
  title = {{poly-split-js}},
  note = "[Online]",
  year = {2016},
  howpublished = {\url{https://github.com/kladess/poly-split-js}},
}

@MISC{web:Polygon-splitting,
  author = {Sumit Khetarpal},
  title = {{Dividing A Polygon In Any Given Number Of Equal Areas}},
  note = "[Online]",
  year = {2014},
  howpublished = {\url{http://www.khetarpal.org/polygon-splitting/}},
}

@MISC{web:Testing-sequence,
  author = {Rebecca Vogels},
  title = {{A 6-STEP GUIDE TO WEB APPLICATION TESTING}},
  note = "[Online]",
  howpublished = {\url{https://usersnap.com/blog/web-application-testing/}},
}

@MISC{web:D3-force,
  author = {Mike Bostock},
  title = {{Force-directed graph layout using velocity Verlet integration}},
  note = "[Online]",
  year = {2016},
  howpublished = {\url{https://github.com/d3/d3-force}},
}
